<collection xmlns="http://www.loc.gov/MARC21/slim">
<record>
  <leader>01612nam0a22003251i 450 </leader>
  <controlfield tag="001">IT\ICCU\CNCE\022452</controlfield>
  <controlfield tag="005">20160321000000.0</controlfield>
  <datafield tag="012" ind1=" " ind2=" ">
    <subfield code="a">i-qd --u- eme- cati (C) 1516 (R)</subfield>
    <subfield code="2">fei</subfield>
  </datafield>
  <datafield tag="100" ind1=" " ind2=" ">
    <subfield code="a">19970101d1516        0itac0103    ba</subfield>
  </datafield>
  <datafield tag="101" ind1=" " ind2=" ">
    <subfield code="a">LAT</subfield>
  </datafield>
  <datafield tag="102" ind1=" " ind2=" ">
    <subfield code="a">IT</subfield>
  </datafield>
  <datafield tag="200" ind1="1" ind2=" ">
    <subfield code="a">Secreta sacerdotum que in Missa teneri debent multum vtilia. Collectum per Venerabilem Magistrum Henricum de Hassia</subfield>
  </datafield>
  <datafield tag="210" ind1=" " ind2=" ">
    <subfield code="e">Collibus Vallistrumpie</subfield>
    <subfield code="g">per Gabrielem de Fracai̇nis</subfield>
    <subfield code="h">v mensis Iunij 1516</subfield>
  </datafield>
  <datafield tag="215" ind1=" " ind2=" ">
    <subfield code="a">\12! c.</subfield>
    <subfield code="d">4ʻ</subfield>
  </datafield>
  <datafield tag="517" ind1="1" ind2=" ">
    <subfield code="3">IT\ICCU\CNCE\051394</subfield>
    <subfield code="a">Secreta sacerdotum</subfield>
  </datafield>
  <datafield tag="620" ind1=" " ind2=" ">
    <subfield code="a">IT</subfield>
    <subfield code="d">Collio</subfield>
  </datafield>
  <datafield tag="700" ind1=" " ind2="0">
    <subfield code="a">Heinrich</subfield>
    <subfield code="c"> : von#Langenstein</subfield>
    <subfield code="3">IT\ICCU\CNCA\006458</subfield>
  </datafield>
  <datafield tag="712" ind1="0" ind2="0">
    <subfield code="a">Fracassini, Gabriele</subfield>
    <subfield code="3">IT\ICCU\CNCT\000689</subfield>
    <subfield code="4">650</subfield>
  </datafield>
  <datafield tag="790" ind1=" " ind2="1">
    <subfield code="a">Heinbuche,</subfield>
    <subfield code="b">Heinrich : von#Langenstein</subfield>
    <subfield code="3">IT\ICCU\CNCA\014326</subfield>
    <subfield code="z">Heinrich : von#Langenstein</subfield>
  </datafield>
  <datafield tag="790" ind1=" " ind2="0">
    <subfield code="a">Heinrich</subfield>
    <subfield code="c"> : von#Hesse</subfield>
    <subfield code="c"> &lt;m. 1397&gt;</subfield>
    <subfield code="3">IT\ICCU\CNCA\014327</subfield>
    <subfield code="z">Heinrich : von#Langenstein</subfield>
  </datafield>
  <datafield tag="790" ind1=" " ind2="0">
    <subfield code="a">Henri</subfield>
    <subfield code="c"> : de#Langenstein</subfield>
    <subfield code="3">IT\ICCU\CNCA\014328</subfield>
    <subfield code="z">Heinrich : von#Langenstein</subfield>
  </datafield>
  <datafield tag="790" ind1=" " ind2="1">
    <subfield code="a">Langenstein,</subfield>
    <subfield code="b">Heinrich : von</subfield>
    <subfield code="3">IT\ICCU\CNCA\014329</subfield>
    <subfield code="z">Heinrich : von#Langenstein</subfield>
  </datafield>
  <datafield tag="790" ind1=" " ind2="0">
    <subfield code="a">Henricus</subfield>
    <subfield code="c"> : de#Hassia</subfield>
    <subfield code="3">IT\ICCU\CNCA\021332</subfield>
    <subfield code="z">Heinrich : von#Langenstein</subfield>
  </datafield>
  <datafield tag="791" ind1="0" ind2="0">
    <subfield code="a">Fracai̇nis, Gabriel de</subfield>
    <subfield code="3">IT\ICCU\CNCT\005687</subfield>
    <subfield code="z">Fracassini, Gabriele</subfield>
  </datafield>
  <datafield tag="801" ind1=" " ind2="3">
    <subfield code="a">IT</subfield>
    <subfield code="b">ICCU</subfield>
    <subfield code="c">20201114</subfield>
  </datafield>
  <datafield tag="899" ind1=" " ind2=" ">
    <subfield code="a">Biblioteca civica Queriniana. Brescia</subfield>
    <subfield code="1">BS0026</subfield>
    <subfield code="2">ZBS 01</subfield>
  </datafield>
  <datafield tag="899" ind1=" " ind2=" ">
    <subfield code="a">Biblioteca comunale Augusta. Perugia</subfield>
    <subfield code="1">PG0109</subfield>
    <subfield code="2">UM1 01</subfield>
  </datafield>
  <datafield tag="899" ind1=" " ind2=" ">
    <subfield code="a">Biblioteca Casanatense. Roma</subfield>
    <subfield code="1">RM0313</subfield>
    <subfield code="2">RML 07</subfield>
  </datafield>
  <datafield tag="899" ind1=" " ind2=" ">
    <subfield code="a">Biblioteca civica Bruno Emmert. Arco</subfield>
    <subfield code="z">MUTILO</subfield>
    <subfield code="1">TN0008</subfield>
    <subfield code="2">ZTN 11</subfield>
  </datafield>
  <datafield tag="899" ind1=" " ind2=" ">
    <subfield code="a">British Library. London</subfield>
    <subfield code="1">UK0001</subfield>
  </datafield>
</record>
</collection>
